@book{beer1998,
    author = "Ferdinand P. Beer and E. Russel Johnston and Elliot R. Eisenberg",
    title = "Mecánica vectorial para ingenieros. Estática y Dinámica",
    publisher = "Mc Graw-Hill",
    year = "1998",
    isbn = "0070053677 y 9701019512"
}

@online{convertunits,
    title = "Convert kilogram-force to newton",
    url = "https://www.convertunits.com/from/kilogram-force/to/newton#:~:text=1%20kilogram%2Dforce%20is%20equal%20to%209.80665%20newton",
    urldate = "2023-05-09"
}